<?xml version="1.0" encoding="UTF-8"?><collection xmlns="http://www.loc.gov/MARC21/slim"><record><leader>00447nam--2200157-i-4500</leader><controlfield tag="001">000008926</controlfield><controlfield tag="002">20161230</controlfield><controlfield tag="005">20170222182647</controlfield><controlfield tag="008">060222s1000------------r-----000-0-eng-d</controlfield><datafield ind1=" " ind2=" " tag="100"><subfield code="a">Dabrowski, J</subfield></datafield><datafield ind1=" " ind2=" " tag="245"><subfield code="a">Binding energy of a particle in nuclear matter</subfield></datafield><datafield ind1=" " ind2=" " tag="260"><subfield code="a">Miramare-Trieste</subfield><subfield code="b">International Centre For Heoretical Physics</subfield><subfield code="c">1969</subfield></datafield><datafield ind1=" " ind2=" " tag="300"><subfield code="a">35 p.+ 2 Fig</subfield></datafield><datafield ind1=" " ind2=" " tag="700"><subfield code="a">Hassan, M. Y. M</subfield></datafield><datafield ind1=" " ind2=" " tag="852"><subfield code="a">539.12</subfield></datafield><datafield ind1=" " ind2=" " tag="CAT"><subfield code="a">SYS</subfield><subfield code="c">20170222</subfield><subfield code="h">182647</subfield></datafield></record></collection>